%%%%%%%%%%%%%%
% References %
%%%%%%%%%%%%%%

@misc{Author1,
  author       = {Peikert, Chris},
  howpublished = {\url{mailto:cpeikert@umich.edu}}
}

@misc{Author2,
  author       = {Foundation, Algorand},
  howpublished = {\url{mailto:press@algorand.foundation}}
}

@article{BIP32-Ed25519,
  author  = {Khovratovich, Dmitry and Law, Jason},
  title   = {BIP32-Ed25519 Hierarchical Deterministic Keys over a Non-linear Keyspace},
  year    = {2017},
  journal = {IEEE European Symposium on Security and Privacy Workshops (EuroS PW)},
  note    = {\url{https://ieeexplore.ieee.org/abstract/document/7966967}}
}

